<?xml version="1.0" encoding="UTF-8"?><record xmlns="http://www.loc.gov/MARC21/slim" xmlns:cinclude="http://apache.org/cocoon/include/1.0" xmlns:zs="http://www.loc.gov/zing/srw/">
  <leader>00394cz  a2200133n  4500</leader>
  <controlfield tag="001">n  82242726 </controlfield>
  <controlfield tag="003">DLC</controlfield>
  <controlfield tag="005">20010214144539.0</controlfield>
  <controlfield tag="008">840117n| acannaab           |n aaa      </controlfield>
  <datafield tag="010" ind1=" " ind2=" ">
    <subfield code="a">n  82242726 </subfield>
  </datafield>
  <datafield tag="040" ind1=" " ind2=" ">
    <subfield code="a">DLC</subfield>
    <subfield code="c">DLC</subfield>
  </datafield>
  <datafield tag="100" ind1="1" ind2=" ">
    <subfield code="a">Engel, Dave</subfield>
  </datafield>
  <datafield tag="670" ind1=" " ind2=" ">
    <subfield code="a">His River city memoirs, c1983:</subfield>
    <subfield code="b">t.p. (Dave Engel)</subfield>
  </datafield>
  <datafield tag="670" ind1=" " ind2=" ">
    <subfield code="a">Ring them bells, c2000:</subfield>
    <subfield code="b">CIP t.p. (Dave Engel) CIP data sheet (b. Aug. 12, 1945)</subfield>
  </datafield>
</record>